<record><leader>00000cas a22000007a 4500</leader><controlfield tag="001">11778941</controlfield><controlfield tag="008">850308d18891889wiuwr ne      0    0eng d</controlfield><datafield ind1=" " ind2=" " tag="010"><subfield code="a">sn 85040340 </subfield></datafield><datafield ind1=" " ind2=" " tag="040"><subfield code="a">NPV</subfield><subfield code="b">eng</subfield><subfield code="c">NPV</subfield><subfield code="d">OCLCQ</subfield></datafield><datafield ind1=" " ind2=" " tag="042"><subfield code="a">msc</subfield></datafield><datafield ind1=" " ind2=" " tag="043"><subfield code="a">n-us-wi</subfield></datafield><datafield ind1=" " ind2=" " tag="045"><subfield code="a">w8w8</subfield></datafield><datafield ind1=" " ind2=" " tag="052"><subfield code="a">4123</subfield><subfield code="b">D7</subfield></datafield><datafield ind1="0" ind2=" " tag="130"><subfield code="a">Superior sentinel (Superior, Wis. : 1889)</subfield></datafield><datafield ind1="1" ind2="0" tag="245"><subfield code="a">Superior sentinel.</subfield></datafield><datafield ind1=" " ind2=" " tag="260"><subfield code="a">West Superior [i.e. Superior], Wis. :</subfield><subfield code="b">[s.n.]</subfield></datafield><datafield ind1=" " ind2=" " tag="300"><subfield code="a">v.</subfield></datafield><datafield ind1=" " ind2=" " tag="310"><subfield code="a">Weekly</subfield></datafield><datafield ind1="1" ind2=" " tag="362"><subfield code="a">Began in July, 1889.</subfield></datafield><datafield ind1="1" ind2=" " tag="362"><subfield code="a">Ceased in Dec., 1889.</subfield><subfield code="z">Cf. Oehlerts, d. Guide to Wis. newspapers.</subfield></datafield><datafield ind1=" " ind2=" " tag="500"><subfield code="a">Issued also in a Sunday edition called: Sunday morning journal.</subfield></datafield><datafield ind1=" " ind2=" " tag="500"><subfield code="a">Issued also in a daily edition called: Superior daily journal?</subfield></datafield><datafield ind1=" " ind2=" " tag="500"><subfield code="a">Editor: A.F. McKay, &lt;July 27, 1889&gt;-&lt;Dec. 11, 1889&gt;.</subfield></datafield><datafield ind1=" " ind2=" " tag="530"><subfield code="a">Available on microfilm from The State Historical Society of Wisconsin.</subfield></datafield><datafield ind1=" " ind2=" " tag="580"><subfield code="a">Continues: Lake Superior sentinel. Cf. Oehlets, D. Guide to Wis. newspapers.</subfield></datafield><datafield ind1=" " ind2=" " tag="588"><subfield code="a">Description based on: Vol. 2, no. 12 (July 27, 1889).</subfield></datafield><datafield ind1=" " ind2=" " tag="752"><subfield code="a">United States</subfield><subfield code="b">Wisconsin</subfield><subfield code="c">Douglas</subfield><subfield code="d">Superior.</subfield></datafield><datafield ind1="1" ind2="0" tag="780"><subfield code="t">Lake Superior sentinel</subfield><subfield code="w">(DLC)sn 85040341</subfield></datafield><datafield ind1="1" ind2=" " tag="029"><subfield code="a">AU@</subfield><subfield code="b">000025799521</subfield></datafield></record>